@online{genalg1,
    author = "Vijini Mallawaarachchi",
    title = "Introduction to Genetic Algorithms — Including Example Code",
    url  = "https://towardsdatascience.com/introduction-to-genetic-algorithms-including-example-code-e396e98d8bf3",
    addendum = "(last accessed: 23.09.2020)",
    keywords = "geneticalgorithm"
}

@online{genalg2,
    author = "Niranjan Pramanik",
    title = "Genetic Algorithm — explained step by step with example",
    url  = "https://towardsdatascience.com/genetic-algorithm-explained-step-by-step-65358abe2bf",
    addendum = "(last accessed: 27.09.2020)",
    keywords = "genetic"
}

@online{SA1,
    author = "Frank Liang",
    title = "Optimization Techniques — Simulated Annealing",
    url  = "https://towardsdatascience.com/optimization-techniques-simulated-annealing-d6a4785a1de7",
    addendum = "(last accessed: 27.09.2020)",
    keywords = "simulatedAnnealing"
}

